@book{patanker,
   author =    {S. V. Patanker},
   title =     {Numerical Heat Transfer and Fluid Flow},
   year =      1980,
   publisher = {Taylor and Francis},
}

@book{versteeg_malalasekera,
   author =    {H. K. Versteeg and W. Malalasekera},
   title =     {An Introduction to Computational Fluid Dynamics},
   year =      1995,
   publisher = {Longman Scientific and Technical},
}

@phdThesis{croftphd,
   author =  {T. N. Croft},
   title =   {Unstructured Mesh - Finite Volume Algorithms for Swirling,
              Turbulent Reacting Flows},
   school =  {University of Greenwich},
   year =    1998,
   url = {http://www.gre.ac.uk/~ct02/research/thesis/main.html}
}
